@book{Ericson:2005, 
  place = {Amsterdam}, 
  title = {Real-time collision detection}, 
  volume = {Morgan Kaufmann series in interactive 3D technology},
  publisher = {Elsevier}, 
  author = {Ericson, Christer}, 
  year = {2005} ,
  url = {https://realtimecollisiondetection.net/}
}

@book{Eberly:2003, 
  place = {USA}, 
  title = {Geometric Tools for Computer Graphics}, 
  volume = {The Morgan Kaufmann Series in Computer Graphics and Geometric Modeling},
  publisher = {Elsevier}, 
  author = {Eberly, David H. and Schneider, Philip J.}, 
  year = {2003} ,
  url = {https://www.geometrictools.com/Documentation/MethodOfSeparatingAxes.pdf}
}

@misc{Fourier:1827,
  author = {Fourier, J.J.-B.},
  title = {M{\'e}moires de l'Acad{\'e}mie des sciences de l'Institut de France},
  publisher = {Firmin-Didot, Gauthier-Villars}, 
  year = {1827},
  place = {Paris}, 
  url = {https://gallica.bnf.fr/ark:/12148/bpt6k32227}
} 

@inproceedings{Imbert1990AboutRI,
  title={About Redundant Inequalities Generated by Fourier's Algorithm},
  author={Jean-Louis Imbert},
  booktitle={AIMSA},
  year={1990},
  url = {https://www.semanticscholar.org/paper/About-Redundant-Inequalities-Generated-by-Fourier's-Imbert/d3941cce157e787b0d34fee619c62ed053fce7d2#paper-header}
}

@misc{Motzkin:1936,
  author = {Motzkin, T.S.},
  title = {Beitr\"{a}ge zur Theorie der linearen Ungleichungen},
  note = {Reprinted in: \emph{Theodore S. Motzkin: selected papers} by D.Cantor et al., Birkh\"{a}user, Boston, 1983},
  publisher = {Azriel}, 
  year = {1936},
  place = {Jerusalem}, 
  url = {https://www.springer.com/gp/book/9780817630874}
} 

@misc{Cameron:1996,
  author = {Cameron, S.},
  year = {1996},
  title = {Computing the Distance between Objects},
  url = {http://www.cs.ox.ac.uk/people/stephen.cameron/distances/}
} 

@article{Ganovelli:2002,
  author = {Ganovelli, Fabio and Ponchio, Federico and Rocchini, Claudio},
  year = {2002},
  month = {01},
  pages = {},
  title = {Fast Tetrahedron-Tetrahedron Overlap Algorithm},
  volume = {7},
  journal = {Journal of Graphics Tools},
  doi = {10.1080/10867651.2002.10487557},
  url = {http://vcg.isti.cnr.it/Publications/2003/GPR03/fast_tetrahedron_tetrahedron_overlap_algorithm.pdf}
}

@article{Gilbert:1988, 
  author={E. G. {Gilbert} and D. W. {Johnson} and S. S. {Keerthi}},
  journal={IEEE Journal on Robotics and Automation},
  title={A fast procedure for computing the distance between complex objects in three-dimensional space},
  year={1988},
  volume={4},
  number={2},
  pages={193-203},
  url={https://ieeexplore.ieee.org/document/2083?arnumber=2083}
}

@article{Barba:2013,
  author    = {Barba, L. and Langerman, S.},
  title     = {Detecting intersections between convex polyhedra},
  journal   = {CoRR},
  volume    = {abs/1312.1001},
  year      = {2013},
  url       = {http://arxiv.org/abs/1312.1001},
  archivePrefix = {arXiv},
  eprint    = {1312.1001},
  timestamp = {Mon, 13 Aug 2018 16:47:54 +0200},
  biburl    = {https://dblp.org/rec/journals/corr/BarbaL13.bib},
  bibsource = {dblp computer science bibliography, https://dblp.org}
}

@article{Kunzler:2004,
author = {K{\"u}nzler, U. and Furher, C.},
year = {2004},
month = {01},
pages = {},
title = {A SURVEY OF COLLISION DETECTION AND RESPONSE ALGORITHMS SUITABLE FOR SIX DEGREE-OF-FREEDOM HAPTIC RENDERING},
url = {https://www.researchgate.net/publication/237240544_A_SURVEY_OF_COLLISION_DETECTION_AND_RESPONSE_ALGORITHMS_SUITABLE_FOR_SIX_DEGREE-OF-FREEDOM_HAPTIC_RENDERING}
}

@techreport{Hornus:2015,
  TITLE = {{A review of polyhedral intersection detection and new techniques}},
  AUTHOR = {Hornus, S.},
  URL = {https://hal.inria.fr/hal-01157239},
  TYPE = {Research Report},
  NUMBER = {RR-8730},
  PAGES = {35},
  INSTITUTION = {{Inria Nancy - Grand Est (Villers-l{\`e}s-Nancy, France)}},
  YEAR = {2015},
  MONTH = May,
  KEYWORDS = {computer graphics ; computational geometry ; intersection detection ; robotics ; g{\'e}om{\'e}trie algorithmique ; informatique graphique ; d{\'e}tection d'intersection ; robotique ; collision ; GJK},
  PDF = {https://hal.inria.fr/hal-01157239/file/RR-8730.pdf},
  HAL_ID = {hal-01157239},
  HAL_VERSION = {v1},
}

@inproceedings{Seidel:1990,
author = {Seidel, R.},
title = {Linear Programming and Convex Hulls Made Easy},
year = {1990},
isbn = {0897913620},
publisher = {Association for Computing Machinery},
address = {New York, NY, USA},
url = {https://doi.org/10.1145/98524.98570},
doi = {10.1145/98524.98570},
booktitle = {Proceedings of the Sixth Annual Symposium on Computational Geometry},
pages = {211–215},
numpages = {5},
location = {Berkley, California, USA},
series = {SCG ’90}
}

@article{Jimenez:2001,
author = {Jimenez, P. and Thomas, F. and Torras, C.},
year = {2001},
month = {04},
pages = {269-285},
title = {3D Collision Detection: A Survey},
volume = {25},
journal = {Computers & Graphics},
doi = {10.1016/S0097-8493(00)00130-8},
url = {http://citeseerx.ist.psu.edu/viewdoc/summary?doi=10.1.1.27.6188},
}

@inproceedings{Lin:1998,
  title={Collision detection between geometric models: A survey},
  author={Lin, Ming and Gottschalk, Stefan},
  booktitle={Proc. of IMA conference on mathematics of surfaces},
  volume={1},
  pages={602--608},
  year={1998},
  url = {http://gamma.cs.unc.edu/papers/COLLISION/cms.pdf},
}
